%% This BibTeX bibliography file was created using BibDesk.
%% https://bibdesk.sourceforge.io/

%% Created for Paul Libbrecht at 2021-02-05 14:29:25 +0100 


%% Saved with string encoding Unicode (UTF-8) 



@misc{Wolfram-Alpha,
	Author = {Wolfram Alpha inc.},
	Date-Added = {2021-02-05 14:21:37 +0100},
	Date-Modified = {2021-02-05 14:29:23 +0100},
	Year = {2020},
	Note= {See \url{https://wolframalpha.com}.},
	Title = {Wolfram Alpha}}

@book{Hogg-McKean,
	Author = {Hogg, Robert and McKean, Joseph and Craig, Allen},
	Date-Added = {2021-02-05 14:19:23 +0100},
	Date-Modified = {2021-02-05 14:20:54 +0100},
	Edition = {eigth edition (global)},
	Publisher = {Pearson Education},
	Title = {Introduction to Mathematical Statistics},
	Year = {2020}}

@misc{Wikipedia-Gamma,
	Author = {Anonymous},
	Date-Added = {2021-02-05 14:15:59 +0100},
	Date-Modified = {2021-02-05 14:17:08 +0100},
	Howpublished = {web-page},
	Month = {February},
	Note = {See \url{https://en.wikipedia.org/wiki/Gamma_distribution}.},
	Publisher = {The WikiMedia Foundation},
	Title = {Gamma distribution},
	Year = {2021}}


@misc{Wikipedia-Flags,
  author={Wikipedia},
  title={Gallery of sovereign state flags},
  Note = {Accessible from \url{https://en.wikipedia.org/wiki/Gallery_of_sovereign_state_flags}. Last accessed 2021-05-20},
  Year={2021}
  }
  
  
  @book{Larsen-Marx,
    author={Larsen, Richard and Marx, Morris},
    title= {Introduction to mathematical statistics and its applications},
    publisher = {Pearson, Boston, US},
    year={2018},
    isbn={978-0-13-411421-7}
}

@book{NIST-SEMATECH,
  title = {e-Handbook of Statistical Methods: Confidence limits for the mean},
  author={NIST},
  year={2021},
  note = {Accessible from \url{https://www.itl.nist.gov/div898/handbook/eda/section3/eda352.htm}.}
  }
